@INPROCEEDINGS{7873142,
	author={M. Sultana and A. Haider and M. S. Uddin},
	booktitle={2016 3rd International Conference on Electrical Engineering and Information Communication Technology (ICEEICT)},
	title={Analysis of data mining techniques for heart disease prediction},
	year={2016},
	pages={1-5},
	keywords={Bayes methods;cardiology;data mining;diseases;medical computing;multilayer perceptrons;AUC value;Bayes Net techniques;J48 techniques;KStar techniques;ROC curve;SMO techniques;Weka software;data mining techniques;heart disease prediction;multilayer perceptron;Data mining;Diseases;Heart;Multilayer perceptrons;Software;Standards;Training;Bayes Net;Data mining;J48;KStar;Multilayer Perceptron;SMO},
	doi={10.1109/CEEICT.2016.7873142},
	month={Sept} }
	
@INPROCEEDINGS{7860213,
	author={M. Raihan and S. Mondal and A. More and M. O. F. Sagor and G. Sikder and M. A. Majumder and M. A. A. Manjur and K. Ghosh},
	booktitle={2016 19th International Conference on Computer and Information Technology (ICCIT)},
	title={Smartphone based ischemic heart disease (heart attack) risk prediction using clinical data and data mining approaches, a prototype design},
	year={2016},
	pages={299-303},
	keywords={Android (operating system);cardiology;data mining;diseases;medical computing;smart phones;Android based prototype software;IHD;abnormal cholesterol;cardiac event;clinical data mining;clinical 		symptom;diabetes;dyslipidemia;heart attack risk prediction;hypertension;obesity;smartphone based ischemic heart disease risk prediction;smoking;stress;Androids;Diabetes;Diseases;Heart;History;Sociology;Statistics;ACS;Android;Chi-square;Data Mining;Heart Disease;IHD;Prediction;Smartphone},
	doi={10.1109/ICCITECHN.2016.7860213},
	month={Dec},}
	
@INPROCEEDINGS{7808353,
	author={R. S. B. Rosli and R. F. Olanrewaju},
	booktitle={2016 International Conference on Computer and Communication Engineering (ICCCE)},
	title={Mobile Heart Rate Detection System (MoHeRDS) for Early Warning of Potentially-Fatal Heart Diseases},
	year={2016},
	pages={422-427},
	keywords={diseases;microcontrollers;patient monitoring;photoplethysmography;smart phones;telemedicine;MoHeRDS device;SMS interface;arduino microcontroller;continuous cardiac monitoring machine;device prototype;early 		potentially-fatal heart disease warning;heart attacks;heart failure;heart-rate alarming change;mobile heart rate detection system;photoplethysmography technique;pulse sensor module;short message service;Diseases;GSM;Heart rate;Hospitals;Monitoring;Receivers;Detection System;GSM;Heart Diseases;Heart Rate;Mobile;Photoplethysmography;SMS;Warning},
	doi={10.1109/ICCCE.2016.95},
	month={July},}
	
@INPROCEEDINGS{7849886,
	author={D. LaFreniere and F. Zulkernine and D. Barber and K. Martin},
	booktitle={2016 IEEE Symposium Series on Computational Intelligence (SSCI)},
	title={Using machine learning to predict hypertension from a clinical dataset},
	year={2016},
	pages={1-7},
	keywords={learning (artificial intelligence);medical computing;neural nets;CPCSSN data set;Canadian Primary Care Sentinel Surveillance Network;artificial neural network;clinical dataset;coronary artery disease;demographics;early warning system;health conditions;heart failure;heart muscle;human error;hypertension;illness;life threatening diseases;machine learning;medical records;neural network model;probability;risk factors;susceptible populations;Blood pressure;Diseases;Hypertension;Mathematical model;Medical diagnostic imaging;Neural networks;Predictive models;Artificial neural network;backpropagation network;hypertension;medical decision support systems},
	doi={10.1109/SSCI.2016.7849886},
	month={Dec},}

@misc{StatlogHeart,
	author = "{UCI} Machine Learning Repository",
	title = "Heart Disease Data Set",
	url = "http://archive.ics.uci.edu/ml/datasets/Statlog+(Heart)",
	institution = "University of California, Irvine, School of Information and Computer Sciences" }
	
@misc{StatsCan,
	author = {Statistics Canada},
	title = {Table 102-0561 -  Leading causes of death, total population, by age group and sex, Canada, annual},
	type = {CANSIM (database)},
	year = {2013},
	url = {http://www.statcan.gc.ca/pub/12-591-x/2009001/02-step-etape/ex/ex-census-recensement-eng.htm}}
	
@misc{HealthSurvey,
	author = {Canadian Heart Health Database Centre},
	title = {Canadian Heart Health Survey},
	doi = {10.7939/DVN/10591UNF:5:iB2LfjdYTgmMmn0PjSao5g==},
	year = {1997}
}









